<collection xmlns="http://www.loc.gov/MARC21/slim">
   <record>
      <leader>03865cam a2200721 a 4500</leader>
      <controlfield tag="001">6807352</controlfield>
      <controlfield tag="003">OCoLC</controlfield>
      <controlfield tag="005">20150119065738.2</controlfield>
      <controlfield tag="006">m     o  d        </controlfield>
      <controlfield tag="007">cr cnu---unuuu</controlfield>
      <controlfield tag="008">141227s2015    mdu     ob    001 0 eng d</controlfield>
      <datafield ind1=" " ind2=" " tag="020">
         <subfield code="a">9780739178232</subfield>
         <subfield code="q">electronic bk.</subfield>
      </datafield>
      <datafield ind1=" " ind2=" " tag="020">
         <subfield code="a">0739178237</subfield>
         <subfield code="q">electronic bk.</subfield>
      </datafield>
      <datafield ind1=" " ind2=" " tag="020">
         <subfield code="z">9780739166932</subfield>
      </datafield>
      <datafield ind1=" " ind2=" " tag="035">
         <subfield code="a">ocn898769354</subfield>
      </datafield>
      <datafield ind1=" " ind2=" " tag="037">
         <subfield code="a">931020</subfield>
         <subfield code="b">EBSCO</subfield>
      </datafield>
      <datafield ind1=" " ind2=" " tag="039">
         <subfield code="a">exclude</subfield>
      </datafield>
      <datafield ind1=" " ind2=" " tag="040">
         <subfield code="a">EBLCP</subfield>
         <subfield code="b">eng</subfield>
         <subfield code="e">pn</subfield>
         <subfield code="c">EBLCP</subfield>
         <subfield code="d">N$T</subfield>
         <subfield code="d">OCLCQ</subfield>
         <subfield code="d">AEU</subfield>
      </datafield>
      <datafield ind1=" " ind2=" " tag="043">
         <subfield code="a">ee-----</subfield>
         <subfield code="a">e-ur---</subfield>
      </datafield>
      <datafield ind1=" " ind2="4" tag="050">
         <subfield code="a">ML3917.E852</subfield>
         <subfield code="b">Y68 2015</subfield>
      </datafield>
      <datafield ind1=" " ind2="7" tag="072">
         <subfield code="a">MUS</subfield>
         <subfield code="x">035000</subfield>
         <subfield code="2">bisacsh</subfield>
      </datafield>
      <datafield ind1=" " ind2="7" tag="072">
         <subfield code="a">POL</subfield>
         <subfield code="x">038000</subfield>
         <subfield code="2">bisacsh</subfield>
      </datafield>
      <datafield ind1=" " ind2="7" tag="072">
         <subfield code="a">SOC</subfield>
         <subfield code="x">002010</subfield>
         <subfield code="2">bisacsh</subfield>
      </datafield>
      <datafield ind1=" " ind2="7" tag="072">
         <subfield code="a">SOC</subfield>
         <subfield code="x">022000</subfield>
         <subfield code="2">bisacsh</subfield>
      </datafield>
      <datafield ind1="0" ind2="4" tag="082">
         <subfield code="a">306.4/84260947</subfield>
         <subfield code="2">23</subfield>
      </datafield>
      <datafield ind1=" " ind2=" " tag="090">
         <subfield code="a">Internet Access</subfield>
         <subfield code="b">AEU</subfield>
      </datafield>
      <datafield ind1="0" ind2="0" tag="245">
         <subfield code="a">Youth and rock in the Soviet Bloc</subfield>
         <subfield code="h">[electronic resource] :</subfield>
         <subfield code="b">youth cultures, music, and the state in Russia and Eastern Europe /</subfield>
         <subfield code="c">edited by William Jay Risch.</subfield>
      </datafield>
      <datafield ind1=" " ind2=" " tag="260">
         <subfield code="a">Lanham :</subfield>
         <subfield code="b">Lexington Books,</subfield>
         <subfield code="c">©2015.</subfield>
      </datafield>
      <datafield ind1=" " ind2=" " tag="300">
         <subfield code="a">1 online resource (320 pages)</subfield>
      </datafield>
      <datafield ind1=" " ind2=" " tag="336">
         <subfield code="a">text</subfield>
         <subfield code="b">txt</subfield>
         <subfield code="2">rdacontent</subfield>
         <subfield code="0">http://id.loc.gov/vocabulary/contentTypes/txt</subfield>
      </datafield>
      <datafield ind1=" " ind2=" " tag="337">
         <subfield code="a">computer</subfield>
         <subfield code="b">c</subfield>
         <subfield code="2">rdamedia</subfield>
         <subfield code="0">http://id.loc.gov/vocabulary/mediaTypes/c</subfield>
      </datafield>
      <datafield ind1=" " ind2=" " tag="338">
         <subfield code="a">online resource</subfield>
         <subfield code="b">cr</subfield>
         <subfield code="2">rdacarrier</subfield>
         <subfield code="0">http://id.loc.gov/vocabulary/carriers/cr</subfield>
      </datafield>
      <datafield ind1=" " ind2=" " tag="504">
         <subfield code="a">Includes bibliographical references and index.</subfield>
      </datafield>
      <datafield ind1=" " ind2=" " tag="506">
         <subfield code="a">Access restricted to authorized users and institutions.</subfield>
      </datafield>
      <datafield ind1=" " ind2=" " tag="520">
         <subfield code="a">Youth and Rock in the Soviet Bloc explores the impact of Western popular culture on young people in Russia and Eastern Europe during the Cold War.</subfield>
      </datafield>
      <datafield ind1="0" ind2=" " tag="588">
         <subfield code="a">Online resource; title from PDF title page (Ebsco, viewed Jan. 14, 2015).</subfield>
      </datafield>
      <datafield ind1=" " ind2=" " tag="596">
         <subfield code="a">44</subfield>
      </datafield>
      <datafield ind1=" " ind2="0" tag="650">
         <subfield code="a">Popular music</subfield>
         <subfield code="x">Political aspects</subfield>
         <subfield code="z">Europe, Eastern</subfield>
         <subfield code="x">History</subfield>
         <subfield code="y">20th century.</subfield>
      </datafield>
      <datafield ind1=" " ind2="0" tag="650">
         <subfield code="a">Popular music</subfield>
         <subfield code="x">Social aspects</subfield>
         <subfield code="z">Europe, Eastern</subfield>
         <subfield code="x">History</subfield>
         <subfield code="y">20th century.</subfield>
      </datafield>
      <datafield ind1=" " ind2="0" tag="650">
         <subfield code="a">Popular music</subfield>
         <subfield code="x">Political aspects</subfield>
         <subfield code="z">Soviet Union.</subfield>
      </datafield>
      <datafield ind1=" " ind2="0" tag="650">
         <subfield code="a">Popular music</subfield>
         <subfield code="x">Social aspects</subfield>
         <subfield code="z">Soviet Union.</subfield>
      </datafield>
      <datafield ind1=" " ind2="0" tag="650">
         <subfield code="a">Music and state</subfield>
         <subfield code="z">Europe, Eastern</subfield>
         <subfield code="x">History</subfield>
         <subfield code="y">20th century.</subfield>
      </datafield>
      <datafield ind1=" " ind2="0" tag="650">
         <subfield code="a">Music and state</subfield>
         <subfield code="z">Soviet Union.</subfield>
      </datafield>
      <datafield ind1=" " ind2="0" tag="650">
         <subfield code="a">Youth</subfield>
         <subfield code="z">Europe, Eastern</subfield>
         <subfield code="x">History</subfield>
         <subfield code="y">20th century.</subfield>
      </datafield>
      <datafield ind1=" " ind2="0" tag="650">
         <subfield code="a">Youth</subfield>
         <subfield code="z">Soviet Union.</subfield>
         <subfield code="0">http://id.loc.gov/authorities/subjects/sh2008114053</subfield>
      </datafield>
      <datafield ind1=" " ind2="0" tag="650">
         <subfield code="a">Cold War</subfield>
         <subfield code="x">Music and the war.</subfield>
      </datafield>
      <datafield ind1="1" ind2=" " tag="700">
         <subfield code="a">Risch, William Jay.</subfield>
         <subfield code="0">http://id.loc.gov/authorities/names/n2010075162</subfield>
         <subfield code="0">http://viaf.org/viaf/159918912</subfield>
      </datafield>
      <datafield ind1="1" ind2=" " tag="700">
         <subfield code="a">Briggs, Jonathyne,</subfield>
         <subfield code="d">1970-</subfield>
         <subfield code="0">http://id.loc.gov/authorities/names/n2014022776</subfield>
         <subfield code="0">http://viaf.org/viaf/308230413</subfield>
      </datafield>
      <datafield ind1="1" ind2=" " tag="700">
         <subfield code="a">Gerrard, Kate.</subfield>
      </datafield>
      <datafield ind1="1" ind2=" " tag="700">
         <subfield code="a">Horváth, Sándor.</subfield>
         <subfield code="0">http://id.loc.gov/authorities/names/n99034791</subfield>
      </datafield>
      <datafield ind1="1" ind2=" " tag="700">
         <subfield code="a">Junes, Tom,</subfield>
         <subfield code="d">1978-</subfield>
         <subfield code="0">http://id.loc.gov/authorities/names/n2014077933</subfield>
         <subfield code="0">http://viaf.org/viaf/313284009</subfield>
      </datafield>
      <datafield ind1="1" ind2=" " tag="700">
         <subfield code="a">Kveberg, Gregory.</subfield>
      </datafield>
      <datafield ind1="1" ind2=" " tag="700">
         <subfield code="a">McMichael, Polly.</subfield>
      </datafield>
      <datafield ind1="1" ind2=" " tag="700">
         <subfield code="a">Tompkins, David G.</subfield>
         <subfield code="0">http://id.loc.gov/authorities/names/no2013009785</subfield>
         <subfield code="0">http://viaf.org/viaf/296028503</subfield>
      </datafield>
      <datafield ind1="1" ind2=" " tag="700">
         <subfield code="a">Tsipursky, Gleb.</subfield>
         <subfield code="0">http://id.loc.gov/authorities/names/no2012098074</subfield>
         <subfield code="0">http://viaf.org/viaf/310697226</subfield>
      </datafield>
      <datafield ind1="1" ind2=" " tag="700">
         <subfield code="a">Vuletic, Dean.</subfield>
         <subfield code="0">http://id.loc.gov/authorities/names/n2017021077</subfield>
         <subfield code="0">http://viaf.org/viaf/7149233551176512432</subfield>
      </datafield>
      <datafield ind1="1" ind2=" " tag="700">
         <subfield code="a">Ward, Christopher J.,</subfield>
         <subfield code="d">1972-</subfield>
         <subfield code="0">http://id.loc.gov/authorities/names/no00014921</subfield>
         <subfield code="0">http://viaf.org/viaf/73391958</subfield>
      </datafield>
      <datafield ind1="1" ind2=" " tag="700">
         <subfield code="a">Zhuk, S. I.</subfield>
         <subfield code="q">(Sergeĭ Ivanovich)</subfield>
         <subfield code="0">http://id.loc.gov/authorities/names/n92095608</subfield>
      </datafield>
      <datafield ind1=" " ind2=" " tag="758">
         <subfield code="0">http://worldcat.org/entity/work/id/3855383207</subfield>
      </datafield>
      <datafield ind1="0" ind2=" " tag="787">
         <subfield code="n">OCLC Work Id</subfield>
         <subfield code="o">http://worldcat.org/entity/work/id/3855383207</subfield>
      </datafield>
      <datafield ind1="4" ind2="0" tag="856">
         <subfield code="3">University of Alberta Access</subfield>
         <subfield code="u">http://search.ebscohost.com/login.aspx?direct=true&amp;scope=site&amp;db=nlebk&amp;db=nlabk&amp;AN=931020</subfield>
         <subfield code="z">(Single User Access)</subfield>
      </datafield>
      <datafield ind1=" " ind2=" " tag="949">
         <subfield code="h">UAIN</subfield>
         <subfield code="z">EBSCOUA</subfield>
      </datafield>
      <datafield ind1=" " ind2=" " tag="926">
         <subfield code="a">Internet Access</subfield>
         <subfield code="w">LC</subfield>
         <subfield code="c">1</subfield>
         <subfield code="i">6807352-1001</subfield>
         <subfield code="l">INTERNET</subfield>
         <subfield code="m">UAINTERNET</subfield>
         <subfield code="r">Y</subfield>
         <subfield code="s">Y</subfield>
         <subfield code="t">E-RESOURCE</subfield>
         <subfield code="u">2/18/2015</subfield>
         <subfield code="x">E-BOOK</subfield>
         <subfield code="z">EBSCOUA</subfield>
      </datafield>
   </record>
</collection>
